@book{MartinThrones,
	author = {{Martin}, George R.R.},
	title = {A game of thrones},
	publisher = {New York, Bantam Books},
	year = {1996}
}

@book{whitman1855leaves,
  title={Leaves of Grass},
  author={{Whitman}, W.},
  lccn={03023679},
  year={1855},
  publisher={Eakins Press}
}
